@article{grabovoy2019,
  title={Определение релевантности параметров нейросети},
  author={Грабовой, А.\;В. and Бахтеев, О.\;Ю. and Стрижов, В.\;В.},
  journal={Информ. и её примен.},
  volume={13},
  number={2},
  pages={62--70},
  year={2019}
}

@article{grabovoy2020,
  title={Введение отношения порядка на множестве параметров аппроксимирующих моделей},
  author={Грабовой, А.\;В. and Бахтеев, О.\;Ю. and Стрижов, В.\;В.},
  journal={Информ. и её примен.},
  volume={14},
  number={2},
  pages={58--65},
  year={2020}
}

@article{grabovoy2020time,
  title={Quasi-Periodic Time Series Clustering for Human Activity Recognition},
  author={Grabovoy, A. and Strijov, V.},
  journal={Lobachevskii Journal of Mathematics},
  volume={41},
  number={3},
  pages={333--339},
  year={2020}
}

@article{grabovoy2021,
	Author = {Grabovoy, A. and Strijov, V.},
	Doi = {10.1134/S0965542521070071},
	Journal = {Computational Mathematics and Mathematical Physics},
	Number = {7},
	Pages = {1140--1152},
	Title = {Prior Distribution Selection for a Mixture of Experts},
	Volume = {61},
	Year = {2021},
}

@misc{Zehao2017,
      title={Like What You Like: Knowledge Distill via Neuron Selectivity Transfer}, 
      author={Huang, Z. and Wang, N.},
      year={2017},
      eprint={1707.01219},
      archivePrefix={arXiv},
      primaryClass={cs.CV}
}

@misc{Wine,
  author = {Aeberhard, S.},
  title = {Wine Dataset},
  howpublished = {https://archive.ics.uci.edu/ml/datasets/Wine},
}

@misc{Linting2021,
      title={mT5: A massively multilingual pre-trained text-to-text transformer}, 
      author={Xue, L. and Constant, N. and Roberts, A. and Kale, M. and Al-Rfou, R. and Siddhant, A. and Barua, A.  and Raffel, C.},
      year={2021},
      eprint={2010.11934},
      archivePrefix={arXiv},
      primaryClass={cs.CL}
}

@INPROCEEDINGS{Kaiming2015,
  author={He, K. and Zhang, X. and Ren, S. and Sun, J.},
  booktitle={IEEE Conference on Computer Vision and Pattern Recognition}, 
  title={Deep Residual Learning for Image Recognition}, 
  year={2016},
  volume={},
  number={},
  pages={770--778},
  doi={10.1109/CVPR.2016.90}
}

@inproceedings{graves2011,
    author = {Graves, A.},
    booktitle = {Advances in Neural Information Processing Systems},
    pages = {},
    publisher = {Curran Associates, Inc.},
    title = {Practical Variational Inference for Neural Networks},
    volume = {24},
    year = {2011}
}

@article{Vapnik2015, 
    author = {Vapnik, V. and Izmailov, R.}, 
    title = {Learning Using Privileged Information: Similarity Control and Knowledge Transfer}, 
    year = {2015}, 
    publisher = {JMLR.org}, 
    volume = {16}, 
    number = {1}, 
    journal = {J. Mach. Learn. Res.}, 
    pages = {2023--2049}, 
}

@inproceedings{sutskever2014,
    author = {Sutskever, I. and Vinyals, O. and Le, Q.},
    booktitle = {Advances in Neural Information Processing Systems},
    pages = {},
    publisher = {Curran Associates, Inc.},
    title = {Sequence to Sequence Learning with Neural Networks},
    volume = {27},
    year = {2014}
}

@inproceedings{Chunyan2016,
  title={Preconditioned stochastic gradient Langevin dynamics for deep neural networks},
  author={Li, C. and Chen, C. and Carlson, D. and Carin, L.},
  booktitle={AAAI},
  Year  = {2016},
  pages = {1788--1794}, 
}

@ARTICLE{Tibshirani1996,
    author = {Tibshirani, R.},
    title = {Regression Shrinkage and Selection Via the Lasso},
    journal = {JOURNAL OF THE ROYAL STATISTICAL SOCIETY, SERIES B},
    year = {1994},
    volume = {58},
    pages = {267--288}
}

@ARTICLE{Hastie2005,
    author = {Zou, H. and Hastie, T.},
    title = {Regularization and variable selection via the Elastic Net},
    journal = {Journal of the Royal Statistical Society},
    year = {2005},
    volume = {67},
    pages = {301--320}
}

@article{srivastava2014,
    author = {Srivastava, N. and Hinton, G. and Krizhevsky, A. and Sutskever, I. and Salakhutdinov, R.},
    title = {Dropout: A Simple Way to Prevent Neural Networks from Overfitting},
    year = {2014},
    publisher = {JMLR.org},
    volume = {15},
    number = {1},
    journal = {J. Mach. Learn. Res.},
    pages = {1929--1958},
}

@inproceedings{molchanov2017,
    author = {Molchanov, D. and Ashukha, A. and Vetrov, D.},
    title = {Variational Dropout Sparsifies Deep Neural Networks},
    year = {2017},
    publisher = {JMLR.org},
    booktitle = {Proceedings of the 34th International Conference on Machine Learning - Volume 70},
    pages = {2498--2507},
    location = {Sydney, NSW, Australia},
}

@inproceedings{cun1990,
    author = {LeCun, Y. and Denker, J. and Solla, S.},
    booktitle = {Advances in Neural Information Processing Systems},
    pages = {},
    publisher = {Morgan-Kaufmann},
    title = {Optimal Brain Damage},
    volume = {2},
    year = {1990}
}

@article{Mandt2017,
    author = {Mandt, S. and Hoffman, M. and Blei, D.},
    title = {Stochastic Gradient Descent as Approximate Bayesian Inference},
    year = {2017},
    publisher = {JMLR.org},
    volume = {18},
    number = {1},
    journal = {J. Mach. Learn. Res.},
    pages = {4873--4907},
}

@article{Boston,
  title={Hedonic housing prices and the demand for clean air},
  author={Harrison, D. and Rubinfeld, D.},
  journal={Journal of environmental economics and management},
  volume={5},
  number={1},
  pages={81--102},
  year={1978},
  publisher={Elsevier}
}

@inproceedings{maclarin2015, 
   Publisher = {JMLR Workshop and Conference Proceedings}, 
   title="Gradient-based Hyperparameter Optimization through Reversible Learning", 
   Author={Maclaurin, D. and Duvenaud, D. and Adams, R.}, 
   year="2015", 
   Booktitle="Proceedings of the 32nd International Conference on Machine Learning (ICML-15)", 
   pages={2113--2122}, 
}

@inproceedings{luketina2015,
  title = {Scalable Gradient-Based Tuning of Continuous Regularization Hyperparameters},
  author = {Luketina, J. and Raiko, T. and Berglund, M. and Greff, K.},
  year = {2016},
  doi = {http://jmlr.org/proceedings/papers/v48/luketina16.html},
  pages = {2952--2960},
  booktitle = {Proceedings of the 33nd International Conference on Machine Learning, ICML 2016, New York City, NY, USA, June 19-24, 2016},
  volume = {48},
  publisher = {JMLR.org},
}

@book{bishop2006,
    author = {Bishop, C.},
    title = {Pattern Recognition and Machine Learning (Information Science and Statistics)},
    year = {2006},
    publisher = {Springer-Verlag New York, Inc.},
    address = {Secaucus, NJ, USA},
    numpages = {416},
}

@article{neychev2016, 
  author = {Neychev, R. and Katrutsa, A. and Strijov, V.},
  title = {Robust selection of multicollinear features in forecasting},
  journal = {Factory Laboratory},
  year = {2016},
  volume = {82(3)},
  pages = {68--74},
}

@book{neal1995,
    author = {Neal, R.},
    title = {Bayesian Learning for Neural Networks},
    year = {1996},
    publisher = {Springer-Verlag},
    address = {Berlin, Heidelberg},
    numpages = {289},
}

@inproceedings{louizos2017,
  title={Bayesian compression for deep learning},
  author={Louizos, C. and Ullrich, K. and Welling, M.},
  booktitle={Advances in Neural Information Processing Systems},
  pages={3290--3300},
  year={2017}
}

@article{kwapisz2010,
  title={Activity recognition using cell phone accelerometers},
  author={Kwapisz, J. and Weiss, G. and Moore, S.},
  journal={ACM SigKDD Explorations Newsletter},
  volume={12},
  number={2},
  pages={74--82},
  year={2011},
  publisher={ACM}
}

@article{wang2014,
  TITLE = {Revisiting Optimal Delaunay Triangulation for 3D Graded Mesh Generation},
  AUTHOR = {Chen, Z. and Wang, W. and L{\'e}vy, B. and Liu, L. and Sun, F.},
  JOURNAL = {SIAM Journal on Scientific Computing},
  PUBLISHER = {Society for Industrial and Applied Mathematics},
  PAGES = {930--954},
  YEAR = {2014},
}

@article{Ignatov2015,
  author    = {Ignatov, A.  and
               Strijov, V.},
  title     = {Human activity recognition using quasiperiodic time series collected
               from a single tri-axial accelerometer},
  journal   = {Multim. Tools Appl.},
  volume    = {75},
  number    = {12},
  pages     = {7257--7270},
  year      = {2016}
}

@Article{Olivares2012,
    AUTHOR = {Olivares, A. and Ramírez, J. and Górriz, J. and Olivares, G. and Damas, M.},
    TITLE = {Detection of (In)activity Periods in Human Body Motion Using Inertial Sensors: A Comparative Study},
    JOURNAL = {Sensors},
    VOLUME = {12},
    YEAR = {2012},
    NUMBER = {5},
    PAGES = {5791--5814},
    DOI = {10.3390/s120505791}
}

@article{cinar2018,
    title = {Period-aware content attention RNNs for time series forecasting with missing values},
    journal = {Neurocomputing},
    volume = {312},
    pages = {177--186},
    year = {2018},
    doi = {https://doi.org/10.1016/j.neucom.2018.05.090},
    author = {Cinar, Y. and Mirisaee, H. and Goswami, P. and Goswami, E. and Aït-Bachir, A.},
}

@article{motrenko2015,
    author = {Motrenko, A. and Strijov, V.},
    year = {2015},
    title = {Extracting Fundamental Periods to Segment Biomedical Signals},
    volume = {20},
    journal = {IEEE journal of biomedical and health informatics},
    doi = {10.1109/JBHI.2015.2466440}
}

@book{lukashin2003,
    author = {Лукашин, Ю.\;П.},
    title = {Адаптивные методы краткосрочного прогнозирования временных рядов},
    year = {2003},
    publisher = {Финансы и статистика},
    address = {Москва},
    numpages = {416},
}

@article{Ivkin2015,
    author = {Ивкин, И.\;П. and Кузнецов, М.\;П.},
    year = {2015},
    title = {Алгоритм классификации временных рядов акселерометра по комбинированному признаковому описанию},
    journal = {Машинное обучение и анализ данных},
    volume = {1},
    number = {11},
    pages = {1471--1483},
}

@article{Katrutsa2015,
    title = {Stress test procedure for feature selection algorithms},
    journal = {Chemometrics and Intelligent Laboratory Systems},
    volume = {142},
    pages = {172--183},
    year = {2015},
    doi = {https://doi.org/10.1016/j.chemolab.2015.01.018},
    author = {Katrutsa, A. and Strijov, V.},
}

@book{Borg2005,
    author = {Borg, I. and Groenen, P.},
    publisher = {Springer},
    title = {Modern Multidimensional Scaling: Theory and Applications},
    year = 2005,
    numpages = {380},
}

@book{Shiglavsi1997,
    author = {Данилова, Д.\;Л. and Жигловский, А.\;А.},
    title = {Главные компоненты временных рядов: метод ``Гусеница''},
    year = {1997},
    publisher = {Санкт-Петербурскиий университет},
    address = {Санкт-Петербург},
    numpages = {218},
}

@inproceedings{Tianqi2016,
    author = {Chen, T. and Guestrin, C.},
    title = {XGBoost: A Scalable Tree Boosting System},
    year = {2016},
    publisher = {Association for Computing Machinery},
    address = {New York, NY, USA},
    doi = {10.1145/2939672.2939785},
    booktitle = {Proceedings of the 22nd ACM SIGKDD International Conference on Knowledge Discovery and Data Mining},
    pages = {785--794},
    location = {San Francisco, California, USA},
}

@article{Ishwaran2012,
    title = {Random forests for genomic data analysis},
    journal = {Genomics},
    volume = {99},
    number = {6},
    pages = {323--329},
    year = {2012},
    doi = {https://doi.org/10.1016/j.ygeno.2012.04.003},
    author = {Chen, X. and Ishwaran, H.},
}

@ARTICLE{Yuksel2012,
  author={Yuksel, S. and Wilson, J. and Gader, P.},
  journal={IEEE Transactions on Neural Networks and Learning Systems}, 
  title={Twenty Years of Mixture of Experts}, 
  year={2012},
  volume={23},
  number={8},
  pages={1177--1193},
  doi={10.1109/TNNLS.2012.2200299}
}

@inproceedings{Edward2002,
    author = {Rasmussen, C. and Ghahramani, Z.},
    booktitle = {Advances in Neural Information Processing Systems},
    publisher = {MIT Press},
    title = {Infinite Mixtures of Gaussian Process Experts},
    volume = {14},
    year = {2002}
}

@inproceedings{Shazeer2017,
  author    = {Shazeer, N.  and
               Mirhoseini, A.  and
               Maziarz, K.  and
               Davis, A.  and
               Le, Q.  and
               Hinton, G.  and
               Dean, J. },
  title     = {Outrageously Large Neural Networks: The Sparsely-Gated Mixture-of-Experts Layer},
  booktitle = {5th International Conference on Learning Representations},
  publisher = {OpenReview.net},
  year      = {2017},
}

@INPROCEEDINGS{Jordan1994,
  author={Jordan, M. and Jacobs, R.},
  booktitle={Proceedings of 1993 International Conference on Neural Networks (IJCNN-93-Nagoya, Japan)}, 
  title={Hierarchical mixtures of experts and the EM algorithm}, 
  year={1993},
  volume={2},
  number={},
  pages={1339--1344},
  doi={10.1109/IJCNN.1993.716791}
}

@inproceedings{Jordan1991,
    author = {Jordan, M. and Jacobs, R.},
    title = {Hierarchies of Adaptive Experts},
    year = {1991},
    publisher = {Morgan Kaufmann Publishers Inc.},
    address = {San Francisco, CA, USA},
    booktitle = {Proceedings of the 4th International Conference on Neural Information Processing Systems},
    pages = {985--992},
    location = {Denver, Colorado},
}

@article{Lima2007,
    author = {Lima, C. and Coelho, A. and Von Zuben, F.},
    title = {Hybridizing Mixtures of Experts with Support Vector Machines: Investigation into Nonlinear Dynamic Systems Identification},
    year = {2007},
    publisher = {Elsevier Science Inc.},
    address = {USA},
    volume = {177},
    number = {10},
    doi = {10.1016/j.ins.2007.01.009},
    journal = {Inf. Sci.},
    pages = {2049--2074},
}

@article{Cao2003,
    title = {Support vector machines experts for time series forecasting},
    journal = {Neurocomputing},
    volume = {51},
    pages = {321--339},
    year = {2003},
    doi = {https://doi.org/10.1016/S0925-2312(02)00577-5},
    author = {Cao, L.},
}

@inproceedings{Yumlu2003,
  author    = {Y{\"{u}}ml{\"{u}}, M.  and
               G{\"{u}}rgen, F.  and
               Okay, N.},
  title     = {Financial Time Series Prediction Using Mixture of Experts},
  booktitle = {Lecture Notes in Computer Science},
  volume    = {2869},
  pages     = {553--560},
  publisher = {Springer},
  year      = {2003}
}

@INPROCEEDINGS{Cheung1995,
    author = {Cheung, Y. and Leung, W. and Xu, L.},
    title = {Application of Mixture of Experts Model to Financial Time Series Forecasting},
    booktitle = {Series Forecasting, submitted to International Conference on Neural Networks and Signal Processing},
    year = {1995}
}

@article{Weigend2000,
  title={Predicting Daily Probability Distributions of S\&P500 Returns},
  author={Weigend, A. and Shi, S.},
  journal={J. Forecast.},
  year={2000},
  volume = {19},
  number = {4},
  pages = {375--392},
}

@INPROCEEDINGS{Ebrahimpour2009,
    author = {Ebrahimpour, R. and Moradian, M. and Esmkhani, A. and Jafarlou, F.},
    title = {Recognition of Persian handwritten digits using characterization Loci and mixture of experts},
    booktitle = {International Journal of Digital Content.Technology and its Applications},
    year = {2009},
    volume={3},
    issue={3},
}

@inproceedings{Estabrooks2001,
    title = "A mixture-of-experts framework for text classification",
    author = "Estabrooks, A.  and Japkowicz, N.",
    booktitle = "Proceedings of the {ACL} 2001 Workshop on Computational Natural Language Learning ({C}on{LL})",
    year = "2001",
}

@INPROCEEDINGS{Mossavat2010,
  author={Mossavat, S. and Amft, O. and de Vries, B. and Petkov, P. and Kleijn, W.},
  booktitle={2010 Second International Workshop on Quality of Multimedia Experience (QoMEX)}, 
  title={A bayesian hierarchical mixture of experts approach to estimate speech quality}, 
  year={2010},
  volume={},
  number={},
  pages={200--205},
  doi={10.1109/QOMEX.2010.5516203}
}

@article{Peng1996,
    author = {Peng, F. and  Jacobs, R. and Tanner M.},
    title = {Bayesian Inference in Mixtures-of-Experts and Hierarchical Mixtures-of-Experts Models with an Application to Speech Recognition},
    journal = {Journal of the American Statistical Association},
    volume = {91},
    number = {435},
    pages = {953--960},
    year  = {1996},
    publisher = {Taylor & Francis},
    doi = {10.1080/01621459.1996.10476965},
}

@phdthesis{Tuerk2001,
  author       = {Tuerk, A.}, 
  title        = {The State Based Mixture of Expert HMM with Applications to the Recognition of Spontaneous Speech},
  school       = {University of Cambridge},
  year         = 2001,
language = {english},
}

@ARTICLE{Sminchisescu2007,
  author={Sminchisescu, C. and Kanaujia, A. and Metaxas, D.},
  journal={IEEE Transactions on Pattern Analysis and Machine Intelligence}, 
  title={BM$^{3}$E : Discriminative Density Propagation for Visual Tracking}, 
  year={2007},
  volume={29},
  number={11},
  pages={2030--2044},
  doi={10.1109/TPAMI.2007.1111}
}

@book{Bowyer2010,
    author = {Bowyer, K. and Hollingsworth, K. and Flynn, P.},
    title = {A Survey of Iris Biometrics Research: 2008–2010},
    year = {2013},
    publisher = {Springer},
    address = {London},
    numpages = {410}
}

@inproceedings{Matveev2010,
  title={DETECTION OF IRIS IN IMAGE BY INTERRELATED MAXIMA OF BRIGHTNESS GRADIENT PROJECTIONS},
  booktitle={Appl.Comput. Math.}, 
  author={Matveev, I.},
  year={2010},
  volume={9},
  numer={2},
  pages ={252--257},
}

@article{Matveev2014,
  title={Detecting precise iris boundaries by circular shortest path method},
  author={Matveev, I. and Simonenko, I.},
  journal={Pattern Recognition and Image Analysis},
  year={2014},
  volume={24},
  pages={304--309},
}

@article{Dempster1977,
  author = {Dempster, A. and Laird, N. and Rubin, D.},
  journal = {Journal of the Royal Statistical Society: Series B},
  pages = {1--38},
  title = {Maximum likelihood from incomplete data via the {EM} algorithm},
  volume = 39,
  year = 1977
}

@ARTICLE{Akhtar2018,
  author={Akhtar, N. and Mian, A.},
  journal={IEEE Access}, 
  title={Threat of Adversarial Attacks on Deep Learning in Computer Vision: A Survey}, 
  year={2018},
  volume={6},
  number={},
  pages={14410--14430},
  doi={10.1109/ACCESS.2018.2807385}
}


@article{Han2020,
	Doi = {10.1007/s11633-019-1211-x},
	author={Xu, H. and Ma, Y. and Liu, H. and Deb, D. and Liu, H. and Tang,J. and Jain, A.},
	Journal = {International Journal of Automation and Computing},
	Number = {2},
	Pages = {151--178},
	Title = {Adversarial Attacks and Defenses in Images, Graphs and Text: A Review},
	Volume = {17},
	Year = {2020},
}

@inproceedings{Ribeiro2016,
    author = {Ribeiro, M. and Singh, S. and Guestrin, C.},
    title = {"Why Should I Trust You?": Explaining the Predictions of Any Classifier},
    year = {2016},
    publisher = {Association for Computing Machinery},
    address = {New York, NY, USA},
    doi = {10.1145/2939672.2939778},
    booktitle = {Proceedings of the 22nd ACM SIGKDD International Conference on Knowledge Discovery and Data Mining},
    pages = {1135--1144},
    location = {San Francisco, California, USA},
}

@INPROCEEDINGS{Dalila2018,
  author={Salamani, D. and Gadatsch, S. and Golling, T. and Stewart, G. and Ghosh, A. and Rousseau, D. and Hasib, A. and Schaarschmidt, J.},
  booktitle={2018 IEEE 14th International Conference on e-Science (e-Science)}, 
  title={Deep Generative Models for Fast Shower Simulation in ATLAS}, 
  year={2018},
  volume={},
  number={},
  pages={348--348},
  doi={10.1109/eScience.2018.00091}
}

@article{demidenko2007,
    author = {Demidenko, E.},
    year = {2006},
    pages = {3385--97},
    title = {Sample size determination for logistic regression revisited},
    volume = {26},
    journal = {Statistics in medicine},
    doi = {10.1002/sim.2771}
}

@article{joseph1997,
    author = {Joseph, L. and Berger, R. and Bélisle, P.},
    year = {1997},
    pages = {769--781},
    title = {Bayesian and mixed Bayesian/likelihood criteria for sample size determination},
    volume = {16},
    number = {7},
    journal = {Statistician}
}

@article{joseph1995,
  title={Sample Size Calculations for Binomial Proportions Via Highest Posterior Density Intervals},
  author={Lawrence, J. and Wolfson, D. and Berger, R.},
  journal={Statistician},
  year={1995},
  volume={44},
  pages={143--154}
}

@article{kloek1975,
  title={Note on a large-sample result in specification analysis},
  author={Kloek, T.},
  journal={Econometrica},
  year={1975},
  volume={43},
  pages={933--936}
}

@article{lindley1997,
  title={The choice of sample size},
  author={Lindley, D.},
  journal={Statistician},
  year={1997},
  volume={46},
  pages={129--138}
}

@article{motrenko2014,
    author = {Motrenko, A. and Strijov, V. and Weber, G.},
    title = {Sample Size Determination for Logistic Regression},
    year = {2014},
    publisher = {Elsevier Science Publishers},
    address = {NLD},
    volume = {255},
    number = {C},
    journal = {J. Comput. Appl. Math.},
    pages = {743--752},
}

@INPROCEEDINGS{servo,
    author = {Quinlan, J.},
    title = {Learning With Continuous Classes},
    booktitle = {},
    year = {1992},
    pages = {343--348},
    publisher = {World Scientific}
}

@article{qumsiyeh2013,
  title={Using the bootstrap for estimation the sample size in statistical experiments},
  author={Qumsiyeh, M.},
  journal={Journal of modern applied statistical methods},
  year={2013},
  volume={8},
  pages={305--321}
}

@article{rubin1998,
  title={Sample size determination using posterior predictive distributions},
  author={Rubin, D. and Stern, H.},
  journal={Sankhya: The Indian Journal of Statistics Special Issue on Bayesian Analysis},
  year={1998},
  volume={60},
  pages={161--175}
}

@article{self1988,
  title={Power sample size calculations for generalized linear models},
  author={Self, S. and Mauritsen, R.},
  journal={Biometrics},
  year={1988},
  volume={44},
  pages={79--86}
}

@article{self1992,
  title={Power calculations for likelihood ratio tests in generalized linear models},
  author={Self, S. and Mauritsen, R. and Ohara, J.},
  journal={Biometrics},
  year={1992},
  volume={48},
  pages={31--39}
}

@article{shieh2000,
  title={On power and sample size calculations for likelihood ratio tests in generalized linear models},
  author={Shieh, G.},
  journal={Biometrics},
  year={2000},
  volume={56},
  pages={1192--1196}
}

@article{shieh2005,
  title={On power and sample size calculations for Wald tests in generalized linear models},
  author={Shieh, G.},
  journal={Journal of Statistical Planning and Inference},
  year={2005},
  volume={128},
  pages={43--59}
}

@article{wang2002,
  title={A Simulation-based Approach to Bayesian Sample Size Determination for Performance under a Given Model and for Separating Models},
  author={Wang, F. and Gelfand, A.},
  journal={Statistical Science},
  year={2002},
  volume={17},
  pages={193--208}
}

@inproceedings{Devlin2018,
  author    = {Devlin, J. and
               Chang, M.  and
               Lee, K.    and
               Toutanova, K.},
  title     = {{BERT:} Pre-training of Deep Bidirectional Transformers for Language Understanding},
  booktitle = {{NAACL-HLT}},
  volume    = {1},
  pages     = {4171--4186},
  publisher = {Association for Computational Linguistics},
  year      = {2019}
}

@article{bachteev2018,
  title={Выбор моделей глубокого обучения субоптимальной сложности},
  author={Бахтеев, О.\;Ю. and Стрижов, В.\;В.},
  journal={Автомат. и телемех.},
  year={2018},
  volume={79},
  number = {8},
  pages={129--147},
}

@book{Ivakhnenko1994,
    author = {Madala, H. and Ivakhnenko A.},
    title = {Inductive Learning Algorithms for Complex Systems Modeling},
    year = {1993},
    publisher = {CRC Press},
    numpages = {380},
    address = {Boca Raton},
}

@article{Schmidhuber1997,
    author = {Hochreiter, S. and Schmidhuber, J.},
    title = {Long Short-Term Memory},
    journal = {Neural Computation},
    volume = {9},
    number = {8},
    pages = {1735--1780},
    year = {1997},
    doi = {10.1162/neco.1997.9.8.1735},
}

@misc{cifar10,
    title= {CIFAR-10 (Canadian Institute for Advanced Research)},
    author= {Krizhevsky, A. and Nair, V. and Hinton, G.},
    howpublished = {https://www.cs.toronto.edu/~kriz/cifar.html},
    url= {https://www.cs.toronto.edu/~kriz/cifar.html},
}

@inproceedings{imagenet,
  author = {Deng, J. and Dong, W. and Socher, R. and Li, L. and Li, K. and Li, F.},
  booktitle = {CVPR},
  pages = {248--255},
  publisher = {IEEE Computer Society},
  title = {ImageNet: A large-scale hierarchical image database.},
  year = 2009
}

@article{Zheng2020,
    title = {Adversarial Attacks and Defenses in Deep Learning},
    journal = {Engineering},
    volume = {6},
    number = {3},
    pages = {346--360},
    year = {2020},
    doi = {https://doi.org/10.1016/j.eng.2019.12.012},
    author = {Ren, K. and Zheng, T. and Qin, Z. and Liu, X.},
}

@inproceedings{Krizhevsky2012,
    author = {Krizhevsky, A. and Sutskever, I. and Hinton, G.},
    booktitle = {Advances in Neural Information Processing Systems},
    pages = {},
    publisher = {Curran Associates, Inc.},
    title = {ImageNet Classification with Deep Convolutional Neural Networks},
    volume = {25},
    year = {2012}
}

@inproceedings{Simonyan2014,
  author    = {Simonyan, K.  and
               Zisserman, A. },
  title     = {Very Deep Convolutional Networks for Large-Scale Image Recognition},
  booktitle = {{ICLR}},
  year      = {2015}
}

@inproceedings{Vaswani2017,
    author = {Vaswani, A. and Shazeer, N. and Parmar, N. and Uszkoreit, J. and Jones, L. and Gomez, A. N and Kaiser, \L. and Polosukhin, I.},
    booktitle = {Advances in Neural Information Processing Systems},
    publisher = {Curran Associates, Inc.},
    title = {Attention is All you Need},
    volume = {30},
    year = {2017}
}

@inproceedings{Brown2020,
    author = {Brown, T. and Mann, B. and Ryder, N. and Subbiah, M. and Kaplan, J. and Dhariwal, P. and Neelakantan, A. and Shyam, P. and Sastry, G. and Askell, A. and Agarwal, S. and Herbert-Voss, A. and Krueger, G. and Henighan, T. and Child, R. and Ramesh, A. and Ziegler, D. and Wu, J. and Winter, C. and Hesse, C. and Chen, M. and Sigler, E. and Litwin, M. and Gray, S. and Chess, B. and Clark, J. and Berner, C. and McCandlish, S. and Radford, A. and Sutskever, I. and Amodei, D.},
    booktitle = {Advances in Neural Information Processing Systems},
    pages = {1877--1901},
    publisher = {Curran Associates, Inc.},
    title = {Language Models are Few-Shot Learners},
    volume = {33},
    year = {2020}
}

@inproceedings{Ziqing2020,
    title = "{T}ext{B}rewer: {A}n {O}pen-{S}ource {K}nowledge {D}istillation {T}oolkit for {N}atural {L}anguage {P}rocessing",
    author = {Yang, Z.  and
      Cui, Y.  and
      Chen, Z.  and
      Che, W.  and
      Liu, T.  and
      Wang, S.  and
      Hu, G.},
    booktitle = "Proceedings of the 58th Annual Meeting of the Association for Computational Linguistics: System Demonstrations",
    year = "2020",
    publisher = "Association for Computational Linguistics",
    doi = "10.18653/v1/2020.acl-demos.2",
    pages = "9--16",
}

@inproceedings{Hinton2015,
    title	= {Distilling the Knowledge in a Neural Network},
    author	= {Hinton, G. and Vinyals, O. and Dean, J.},
    year	= {2015},
    booktitle	= {NIPS Deep Learning and Representation Learning Workshop}
}

@misc{mnist,
  author = {LeCun, Y. and Cortes, C.},
  howpublished = {http://yann.lecun.com/exdb/mnist/},
  title = {{MNIST} handwritten digit database},
  url = {http://yann.lecun.com/exdb/mnist/},
  year = 2010
}

@inproceedings{Lopez2016,
  author    = {Lopez{-}Paz, D.  and
               Bottou, L.  and
               Sch{\"{o}}lkopf, B.  and
               Vapnik, V.},
  title     = {Unifying distillation and privileged information},
  booktitle = {ICLR},
  year      = {2016}
}

@misc{fashionmnist,
    author = {Xiao, H. and Rasul, K. and Vollgraf, R.},
    title = {Fashion-MNIST: a Novel Image Dataset for Benchmarking Machine Learning
    Algorithms},
    url = {https://arxiv.org/abs/1708.07747},
    year = 2017
}

@inproceedings{twiter2013,
  author    = {Nakov, P. and
               Rosenthal, S.  and
               Kozareva, Z.  and
               Stoyanov, V.  and
               Ritter, A.  and
               Wilson, T.},
  title     = {SemEval--2013 Task 2: Sentiment Analysis in Twitter},
  booktitle = {Proceedings of the 7th International Workshop on Semantic Evaluation},
  pages     = {312--320},
  publisher = {The Association for Computer Linguistics},
  year      = {2013},
}

@article{LeCun1989,
    author = {LeCun, Y. and Boser, B. and Denker, J. S. and Henderson, D. and Howard, R. E. and Hubbard, W. and Jackel, L. D.},
    title = {Backpropagation Applied to Handwritten Zip Code Recognition},
    year = {1989},
    publisher = {MIT Press},
    address = {Cambridge, MA, USA},
    volume = {1},
    number = {4},
    doi = {10.1162/neco.1989.1.4.541},
    journal = {Neural Comput.},
    pages = {541--551},
}

@inproceedings{kingma2014,
  author    = {Kingma, D. and
               Ba, J.},
  title     = {Adam: {A} Method for Stochastic Optimization},
  booktitle = {ICLR},
  year      = {2015}
}